%%%%%%%%%%%NEW CITATIONS USED

%1
%https://arxiv.org/abs/2101.05214
@misc{rusli2020indonesian,
      title={Indonesian ID Card Extractor Using Optical Character Recognition and Natural Language Post-Processing}, 
      author={Firhan Maulana Rusli and Kevin Akbar Adhiguna and Hendy Irawan},
      year={2020},
      eprint={2101.05214},
      archivePrefix={arXiv},
      primaryClass={cs.CV}
}


%placeholder
@misc{citationREMOVED,
  title = { },
  author={ },
  note = {One, or more, Self-Reference Citations were Removed for Double Blind Peer Review.},
  year={}
}


%Jorge Fonseca Citations For Reference

@misc{fonseca-dissertation,
  title = {Improving OCR Post Processing with Machine Learning Tools},
  author={Fonseca Cacho, Jorge Ram{\'o}n},
  note = {Phd diss., University of Nevada, Las Vegas},
  year={2019}
}

@incollection{fonseca2018reproducible,
  title={Reproducible Research in Document Analysis and Recognition},
  author={Fonseca Cacho, Jorge Ram{\'o}n and Taghva, Kazem},
  booktitle={Information Technology-New Generations},
  pages={389--395},
  year={2018},
  publisher={Springer}
}

@inproceedings{fonseca2019google1t,
  title={Using the Google Web 1T 5-Gram Corpus for OCR Error Correction},
  author={Fonseca Cacho, Jorge Ram{\'o}n and Taghva, Kazem and Alvarez, Daniel},
  booktitle={16th International Conference on Information Technology-New Generations (ITNG 2019)},
  pages={505--511},
  year={2019},
  organization={Springer}
}

@inproceedings{fonseca2019aligning,
  title={Aligning Ground Truth Text with OCR Degraded Text},
  author={Fonseca Cacho, Jorge Ram{\'o}n and Taghva, Kazem},
  booktitle={Intelligent Computing-Proceedings of the Computing Conference},
  pages={815--833},
  year={2019},
  organization={Springer}
}

@inproceedings{fonseca2020state,
  title={The state of reproducible research in computer science},
  author={Cacho, Jorge Ram{\'o}n Fonseca and Taghva, Kazem},
  booktitle={17th International Conference on Information Technology--New Generations (ITNG 2020)},
  pages={519--524},
  year={2020},
  organization={Springer}
}
